@book{bw05,
   author = {Winkel, Brian J and Deavours, Cipher A and Kahn, David and Kruh, Louis},
   year = {2005},
   title = {The German Enigma Cipher Machine: beginnings, success, and ultimate failure},
   publisher = {Artech House},
   address = {Boston, MA}
}

@book{wk85,
  author = {Kozaczuk, Wladyslaw},
  year = {1985},
  title = {Enigma: how the German machine cipher was broken, and how it was read by Allies in World War Two},
  publisher = {Univ. Publ. of America},
  address = {S.l.}
}

@book{wt06,
  author = {Trappe, Wade and Washington, Lawrence C},
  year = {2006},
  title = {Introduction to Cryptography with Coding Theory},
  publisher = {Pearson Prentice Hall},
  address = {Upper Saddle River, NJ}
}

@article{twunraveling,
  author = {Walcott, Tom},
  title = {Unraveling Enigma},
  publisher = {Beloit College}
}

@article{rfc01,
  author = {Churchhouse, R.F.},
  title = {Codes and Ciphers},
  publisher = {Cambridge University Press}
}
